<?xml version="1.0" encoding="UTF-8"?><collection xmlns="http://www.loc.gov/MARC21/slim"><record><leader>00359nam--2200109-i-4500</leader><controlfield tag="001">000025940</controlfield><controlfield tag="002">20161230</controlfield><controlfield tag="005">20161230201036</controlfield><controlfield tag="008">060222s1000------------r-----000-0-eng-d</controlfield><datafield ind1=" " ind2=" " tag="245"><subfield code="a">Instructiuni privind elaborarea fiselor tehnologice pentru lucrarile de constructii montaj</subfield></datafield><datafield ind1=" " ind2=" " tag="260"><subfield code="a">Bucuresti, Ed.De Stat Pentru Arhitectura Si Constructii, 1955. 8p</subfield></datafield><datafield ind1=" " ind2=" " tag="852"><subfield code="a">5314</subfield></datafield></record></collection>